111111111111111111111111111111111111111111111111111111111111111111111
222222222222222222222222222222222222222222222222222222222222222222222
3333333333333333333     33333333333333333333333333333333333          
444444444444444444444444444444444444444444444444444444444444444444444
555555555555555555555555555555555555555555555555555555555555555555555
66666666666666666666666666666 6666666666666666666666666666666        
777777777777777777777777777777777777777777777777777777777777777777777
888888888888888888888888888888888888888888888888888888888888888888888
999999999999999999999999999999999999   99999999999999                
111111111111111111111111111111111111111111111111111111111111111111111
222222222222222222222222222222222222222222222222222222222222222222222
3333333333333333333333333           3333333333333333333333333333333  
444444444444444444444444444444444444444444444444444444444444444444444